<collection xmlns="http://www.loc.gov/MARC21/slim">
<record>
  <leader>01516nam0a22003011i 450 </leader>
  <controlfield tag="001">IT\ICCU\CNCE\078668</controlfield>
  <controlfield tag="005">20140801000000.0</controlfield>
  <datafield tag="012" ind1=" " ind2=" ">
    <subfield code="a">&apos;-la o-la iaon S.to (3) 1571 (A)</subfield>
    <subfield code="2">fei</subfield>
  </datafield>
  <datafield tag="100" ind1=" " ind2=" ">
    <subfield code="a">20140801d1571        0itac0103    ba</subfield>
  </datafield>
  <datafield tag="101" ind1=" " ind2=" ">
    <subfield code="a">ITA</subfield>
  </datafield>
  <datafield tag="102" ind1=" " ind2=" ">
    <subfield code="a">FR</subfield>
  </datafield>
  <datafield tag="200" ind1="1" ind2=" ">
    <subfield code="a">Instruttioni alla dottrina catolica, &amp; alla piet.̉ Composte da, i, rr. mm. Pietro Canisio, &amp; Antonio Posseuino della compagnia di Giesu</subfield>
  </datafield>
  <datafield tag="210" ind1=" " ind2=" ">
    <subfield code="a">In Lione</subfield>
    <subfield code="c">per Michele Giouio</subfield>
    <subfield code="d">1571</subfield>
  </datafield>
  <datafield tag="215" ind1=" " ind2=" ">
    <subfield code="a">\16!, 173, \3! p.</subfield>
    <subfield code="d">16ʻ</subfield>
  </datafield>
  <datafield tag="620" ind1=" " ind2=" ">
    <subfield code="a">FR</subfield>
    <subfield code="d">Lione</subfield>
  </datafield>
  <datafield tag="700" ind1=" " ind2="0">
    <subfield code="a">Petrus</subfield>
    <subfield code="c"> : Canisius</subfield>
    <subfield code="c"> &lt;santo&gt;</subfield>
    <subfield code="3">IT\ICCU\CNCA\001271</subfield>
  </datafield>
  <datafield tag="702" ind1=" " ind2="1">
    <subfield code="a">Possevino,</subfield>
    <subfield code="b">Antonio</subfield>
    <subfield code="c"> &lt;1533-1611&gt;</subfield>
    <subfield code="3">IT\ICCU\CNCA\006763</subfield>
  </datafield>
  <datafield tag="712" ind1="0" ind2="0">
    <subfield code="a">Jouve, Michel</subfield>
    <subfield code="3">IT\ICCU\CNCT\006205</subfield>
    <subfield code="4">650</subfield>
  </datafield>
  <datafield tag="790" ind1=" " ind2="1">
    <subfield code="a">Hondt,</subfield>
    <subfield code="b">Pieter : de</subfield>
    <subfield code="c"> &lt;santo&gt;</subfield>
    <subfield code="3">IT\ICCU\CNCA\014401</subfield>
    <subfield code="z">Petrus : Canisius &lt;santo&gt;</subfield>
  </datafield>
  <datafield tag="790" ind1=" " ind2="0">
    <subfield code="a">Pietro</subfield>
    <subfield code="c"> : Canisio</subfield>
    <subfield code="c"> &lt;santo&gt;</subfield>
    <subfield code="3">IT\ICCU\CNCA\024190</subfield>
    <subfield code="z">Petrus : Canisius &lt;santo&gt;</subfield>
  </datafield>
  <datafield tag="790" ind1=" " ind2="1">
    <subfield code="a">Kanijs,</subfield>
    <subfield code="b">Pieter</subfield>
    <subfield code="c"> &lt;santo&gt;</subfield>
    <subfield code="3">IT\ICCU\CNCA\024191</subfield>
    <subfield code="z">Petrus : Canisius &lt;santo&gt;</subfield>
  </datafield>
  <datafield tag="790" ind1=" " ind2="1">
    <subfield code="a">Filoteo,</subfield>
    <subfield code="b">Giovanni : da#Asti</subfield>
    <subfield code="3">IT\ICCU\CNCA\014939</subfield>
    <subfield code="z">Possevino, Antonio &lt;1533-1611&gt;</subfield>
  </datafield>
  <datafield tag="790" ind1=" " ind2="1">
    <subfield code="a">Anafesto,</subfield>
    <subfield code="b">Paolo</subfield>
    <subfield code="3">IT\ICCU\CNCA\018667</subfield>
    <subfield code="z">Possevino, Antonio &lt;1533-1611&gt;</subfield>
  </datafield>
  <datafield tag="790" ind1=" " ind2="1">
    <subfield code="a">Possevinus,</subfield>
    <subfield code="b">Antonius</subfield>
    <subfield code="c"> &lt;1533-1611&gt;</subfield>
    <subfield code="3">IT\ICCU\CNCA\018668</subfield>
    <subfield code="z">Possevino, Antonio &lt;1533-1611&gt;</subfield>
  </datafield>
  <datafield tag="791" ind1="0" ind2="0">
    <subfield code="a">Giove, Michele</subfield>
    <subfield code="3">IT\ICCU\CNCT\006206</subfield>
    <subfield code="z">Jouve, Michel</subfield>
  </datafield>
  <datafield tag="801" ind1=" " ind2="3">
    <subfield code="a">IT</subfield>
    <subfield code="b">ICCU</subfield>
    <subfield code="c">20201115</subfield>
  </datafield>
  <datafield tag="899" ind1=" " ind2=" ">
    <subfield code="a">Biblioteca estera - Bayerische StaatsBibliothek. Muenchen</subfield>
    <subfield code="1">AA0008</subfield>
  </datafield>
  <datafield tag="899" ind1=" " ind2=" ">
    <subfield code="a">Biblioteca nazionale centrale. Firenze</subfield>
    <subfield code="1">FI0098</subfield>
    <subfield code="2">CFI CF</subfield>
  </datafield>
</record>
</collection>
